%% Created by Francesco Garofalo at 2019-10 

@book{melanomi1,
  author    = "Agenzia Zoe", 
  title     = "Melanomi",
  year      = 2018,
  url =  "https://www.airc.it/cancro/informazioni-tumori/guida-ai-tumori/melanoma-cutaneo"
}

@inproceedings{2,
	author    = "Air Tum", 
	title     = "Statistiche Melanomi 2018",
	year      = 2018,
	url 	  = "https://www.registri-tumori.it/cms/"
}

@article{apalla2017epidemiological,
	title={Epidemiological trends in skin cancer},
	author={Apalla, Zoe and Lallas, Aimilios and Sotiriou, Elena and Lazaridou, Elizabeth and Ioannides, Demetrios},
	journal={Dermatology practical \& conceptual},
	volume={7},
	number={2},
	pages={1},
	year={2017},
	publisher={International Dermoscopy Society}
}

@article{kassianos2015smartphone,
	title={Smartphone applications for melanoma detection by community, patient and generalist clinician users: a review},
	author={Kassianos, AP and Emery, JD and Murchie, P and Walter, Fiona Mary},
	journal={British Journal of Dermatology},
	volume={172},
	number={6},
	pages={1507--1518},
	year={2015},
	publisher={Wiley Online Library}
}

@article{maglogiannis2009overview,
	title={Overview of advanced computer vision systems for skin lesions characterization},
	author={Maglogiannis, Ilias and Doukas, Charalampos N},
	journal={IEEE transactions on information technology in biomedicine},
	volume={13},
	number={5},
	pages={721--733},
	year={2009},
	publisher={IEEE}
}

‌@article{francese2020,
	title={An Augmented Reality Mobile Application for Skin Lesion Data Visualization.},
	author={Francese, Rita and Frasca, Maria and Risi, Michele and Tortora, Genoveffa},
	year = 2020,
}

@article{tschandl2018ham10000,
	title={The HAM10000 dataset, a large collection of multi-source dermatoscopic images of common pigmented skin lesions},
	author={Tschandl, Philipp and Rosendahl, Cliff and Kittler, Harald},
	journal={Scientific data},
	volume={5},
	pages={180161},
	year={2018},
	publisher={Nature Publishing Group}
}

@article{da2017segmented,
	title={Segmented and detailed visualization of anatomical structures based on augmented reality for health education and knowledge discovery},
	author={da Silva, Isabel CS and Klein, Gerson and Brandao, Denise M},
	journal={Advances in Science, Technology and Engineering Systems Journal (ASTESJ)},
	volume={2},
	number={3},
	pages={469--478},
	year={2017}
}

@article{apalla2017epidemiological,
	title={Epidemiological trends in skin cancer},
	author={Apalla, Zoe and Lallas, Aimilios and Sotiriou, Elena and Lazaridou, Elizabeth and Ioannides, Demetrios},
	journal={Dermatology practical \& conceptual},
	volume={7},
	number={2},
	pages={1},
	year={2017},
	publisher={International Dermoscopy Society}
}

@article{gupta2020giant,
	title={Giant Scalp Metastasis: an Unusual Presentation of Cutaneous Malignant Melanoma},
	author={Gupta, Rigved and Andley, Manoj and Saha, Sudipta and Kumar, Ajay},
	journal={INDIAN JOURNAL OF SURGERY},
	year={2020},
	publisher={Springer}
}

@article{rigel2010evolution,
	title={The evolution of melanoma diagnosis: 25 years beyond the ABCDs},
	author={Rigel, Darrell S and Russak, Julie and Friedman, Robert},
	journal={CA: a cancer journal for clinicians},
	volume={60},
	number={5},
	pages={301--316},
	year={2010},
	publisher={Wiley Online Library}
}

@article{friedman1985early,
	title={Early detection of malignant melanoma: the role of physician examination and self-examination of the skin},
	author={Friedman, Robert J and Rigel, Darrell S and Kopf, Alfred W},
	journal={CA: a cancer journal for clinicians},
	volume={35},
	number={3},
	pages={130--151},
	year={1985},
	publisher={Wiley Online Library}
}

@article{abbasi2004early,
	title={Early diagnosis of cutaneous melanoma: revisiting the ABCD criteria},
	author={Abbasi, Naheed R and Shaw, Helen M and Rigel, Darrell S and Friedman, Robert J and McCarthy, William H and Osman, Iman and Kopf, Alfred W and Polsky, David},
	journal={Jama},
	volume={292},
	number={22},
	pages={2771--2776},
	year={2004},
	publisher={American Medical Association}
}

@article{carli2005diagnostic,
	title={Diagnostic and referral accuracy of family doctors in melanoma screening: effect of a short formal training},
	author={Carli, P and De Giorgi, V and Crocetti, E and Caldini, L and Ressel, C and Giannotti, B},
	journal={European journal of cancer prevention},
	volume={14},
	number={1},
	pages={51--55},
	year={2005},
	publisher={LWW}
}

@inproceedings{abuzaghleh2014skincure,
	title={SKINcure: A real time image analysis system to aid in the malignant melanoma prevention and early detection},
	author={Abuzaghleh, Omar and Barkana, Buket D and Faezipour, Miad},
	booktitle={2014 Southwest Symposium on Image Analysis and Interpretation},
	pages={85--88},
	year={2014},
	organization={IEEE}
}

@inproceedings{wadhawan2011skinscan,
	title={SkinScan{\copyright}: a portable library for melanoma detection on handheld devices},
	author={Wadhawan, Tarun and Situ, Ning and Lancaster, Keith and Yuan, Xiaojing and Zouridakis, George},
	booktitle={2011 IEEE International Symposium on Biomedical Imaging: From Nano to Macro},
	pages={133--136},
	year={2011},
	organization={IEEE}
}

@inproceedings{karargyris2012derma,
	title={DERMA/care: An advanced image-processing mobile application for monitoring skin cancer},
	author={Karargyris, Alexandros and Karargyris, Orestis and Pantelopoulos, Alexandros},
	booktitle={2012 IEEE 24th International Conference on Tools with Artificial Intelligence},
	volume={2},
	pages={1--7},
	year={2012},
	organization={IEEE}
}

@inproceedings{ramlakhan2011mobile,
	title={A mobile automated skin lesion classification system},
	author={Ramlakhan, Kiran and Shang, Yi},
	booktitle={2011 IEEE 23rd International Conference on Tools with Artificial Intelligence},
	pages={138--141},
	year={2011},
	organization={IEEE}
}

@inproceedings{karargyris2012derma,
	title={DERMA/care: An advanced image-processing mobile application for monitoring skin cancer},
	author={Karargyris, Alexandros and Karargyris, Orestis and Pantelopoulos, Alexandros},
	booktitle={2012 IEEE 24th International Conference on Tools with Artificial Intelligence},
	volume={2},
	pages={1--7},
	year={2012},
	organization={IEEE}
}

@article{alcon2009automatic,
	title={Automatic imaging system with decision support for inspection of pigmented skin lesions and melanoma diagnosis},
	author={Alc{\'o}n, Jos{\'e} Fern{\'a}ndez and Ciuhu, Calina and Ten Kate, Warner and Heinrich, Adrienne and Uzunbajakava, Natallia and Krekels, Gertruud and Siem, Denny and de Haan, Gerard},
	journal={IEEE journal of selected topics in signal processing},
	volume={3},
	number={1},
	pages={14--25},
	year={2009},
	publisher={IEEE}
}

@article{wolf2013diagnostic,
	title={Diagnostic inaccuracy of smartphone applications for melanoma detection},
	author={Wolf, Joel A and Moreau, Jacqueline F and Akilov, Oleg and Patton, Timothy and English, Joseph C and Ho, Jonhan and Ferris, Laura K},
	journal={JAMA dermatology},
	volume={149},
	number={4},
	pages={422--426},
	year={2013},
	publisher={American Medical Association}
}

@article{freeman2020algorithm,
	title={Algorithm based smartphone apps to assess risk of skin cancer in adults: systematic review of diagnostic accuracy studies},
	author={Freeman, Karoline and Dinnes, Jacqueline and Chuchu, Naomi and Takwoingi, Yemisi and Bayliss, Sue E and Matin, Rubeta N and Jain, Abhilash and Walter, Fiona M and Williams, Hywel C and Deeks, Jonathan J},
	journal={bmj},
	volume={368},
	year={2020},
	publisher={British Medical Journal Publishing Group}
}

@inproceedings{mackinnon2016melanoma,
	title={Melanoma detection using smartphone and multimode hyperspectral imaging},
	author={MacKinnon, Nicholas and Vasefi, Fartash and Booth, Nicholas and Farkas, Daniel L},
	booktitle={Imaging, Manipulation, and Analysis of Biomolecules, Cells, and Tissues IX},
	volume={9711},
	pages={971117},
	year={2016},
	organization={International Society for Optics and Photonics}
}

@incollection{taufiq2017m,
	title={m-Skin Doctor: a mobile enabled system for early melanoma skin cancer detection using support vector machine},
	author={Taufiq, Muhammad Aleem and Hameed, Nazia and Anjum, Adeel and Hameed, Fozia},
	booktitle={eHealth 360°},
	pages={468--475},
	year={2017},
	publisher={Springer}
}

@article{chao2017smartphone,
	title={Smartphone-based applications for skin monitoring and melanoma detection},
	author={Chao, Elizabeth and Meenan, Chelsea K and Ferris, Laura K},
	journal={Dermatologic clinics},
	volume={35},
	number={4},
	pages={551--557},
	year={2017},
	publisher={Elsevier}
}

@article{kleinjan2017introducing,
	title={Introducing navigation during melanoma-related sentinel lymph node procedures in the head-and-neck region},
	author={KleinJan, Gijs H and Karakulluk{\c{c}}u, Baris and Klop, W Martin C and Engelen, Thijs and van den Berg, Nynke S and van Leeuwen, Fijs WB},
	journal={Ejnmmi Research},
	volume={7},
	number={1},
	pages={65},
	year={2017},
	publisher={Springer}
}

@article{gori2003introduzione,
	title={Introduzione alle reti neurali artificiali},
	author={Gori, Marco},
	journal={Mondo digitale},
	volume={2},
	number={8},
	pages={4--20},
	year={2003}
}

@article{maiani2016applicazioni,
	title={Applicazioni e limiti della classificazione di immagini con reti neurali convoluzionali in dispositivi mobili},
	author={Maiani, Fabio},
	year={2016}
}

@inproceedings{nasr2016melanoma,
	title={Melanoma detection by analysis of clinical images using convolutional neural network},
	author={Nasr-Esfahani, Ebrahim and Samavi, Shadrokh and Karimi, Nader and Soroushmehr, S Mohamad R and Jafari, Mohammad H and Ward, Kevin and Najarian, Kayvan},
	booktitle={2016 38th Annual International Conference of the IEEE Engineering in Medicine and Biology Society (EMBC)},
	pages={1373--1376},
	year={2016},
	organization={IEEE}
}

@manual{Senn:2015,
	title  = "Deep-learning",
	author = "Mathworks",
	url    = "https://it.mathworks.com/solutions/deep-learning/convolutional-neural-network.html",
	year   = "2015"
}

@article{houser1998learning,
	title={Learning from games: Seven principles of effective design},
	author={Houser, Rob and DeLoach, Scott},
	journal={Technical communication},
	volume={45},
	number={3},
	pages={319--329},
	year={1998},
	publisher={Society for Technical Communication}
}

@article{dillman2005achieving,
	title={Achieving usability in establishment surveys through the application of visual design principles},
	author={Dillman, Don A and Gertseva, Arina and Mahon-Haft, Taj},
	journal={Journal of Official Statistics},
	volume={21},
	number={2},
	pages={183},
	year={2005},
	publisher={Statistics Sweden (SCB)}
}

@article{chatterjee2019integration,
	title={Integration of morphological preprocessing and fractal based feature extraction with recursive feature elimination for skin lesion types classification},
	author={Chatterjee, Saptarshi and Dey, Debangshu and Munshi, Sugata},
	journal={Computer methods and programs in biomedicine},
	volume={178},
	pages={201--218},
	year={2019},
	publisher={Elsevier}
}

@article{gutierrez2017skin,
	title={Skin lesion segmentation based on preprocessing, thresholding and neural networks},
	author={Guti{\'e}rrez-Arriola, Juana M and G{\'o}mez-{\'A}lvarez, Marta and Osma-Ruiz, Victor and S{\'a}enz-Lech{\'o}n, Nicol{\'a}s and Fraile, Rub{\'e}n},
	journal={arXiv preprint arXiv:1703.04845},
	year={2017}
}

@inproceedings{dantas2017blood,
	title={Blood vessels extraction using fuzzy mathematical morphology},
	author={Dantas, Daniel Oliveira and de Souza Oliveira, Diego and Leal, Helton Danilo Passos},
	booktitle={2017 IEEE International Conference on Acoustics, Speech and Signal Processing (ICASSP)},
	pages={914--918},
	year={2017},
	organization={IEEE}
}

@article{schaefer2011colour,
	title={Colour and contrast enhancement for improved skin lesion segmentation},
	author={Schaefer, Gerald and Rajab, Maher I and Celebi, M Emre and Iyatomi, Hitoshi},
	journal={Computerized Medical Imaging and Graphics},
	volume={35},
	number={2},
	pages={99--104},
	year={2011},
	publisher={Elsevier}
}

@article{haralick1985image,
	title={Image segmentation techniques},
	author={Haralick, Robert M and Shapiro, Linda G},
	journal={Computer vision, graphics, and image processing},
	volume={29},
	number={1},
	pages={100--132},
	year={1985},
	publisher={Elsevier}
}

@article{xu1999segmentation,
	title={Segmentation of skin cancer images},
	author={Xu, Lang and Jackowski, Marcel and Goshtasby, A and Roseman, D and Bines, S and Yu, C and Dhawan, Akshaya and Huntley, A},
	journal={Image and Vision Computing},
	volume={17},
	number={1},
	pages={65--74},
	year={1999},
	publisher={Elsevier}
}

@article{haddad1991class,
	title={A class of fast Gaussian binomial filters for speech and image processing},
	author={Haddad, Richard A and Akansu, Ali N and others},
	journal={IEEE Transactions on Signal Processing},
	volume={39},
	number={3},
	pages={723--727},
	year={1991}
}

@book{nixon2019feature,
	title={Feature extraction and image processing for computer vision},
	author={Nixon, Mark and Aguado, Alberto},
	year={2019},
	publisher={Academic press}
}

@inproceedings{tomasi1998bilateral,
	title={Bilateral filtering for gray and color images},
	author={Tomasi, Carlo and Manduchi, Roberto},
	booktitle={Sixth international conference on computer vision (IEEE Cat. No. 98CH36271)},
	pages={839--846},
	year={1998},
	organization={IEEE}
}
@incollection{singh2019advanced,
	title={Advanced Image Processing Using OpenCV},
	author={Singh, Himanshu},
	booktitle={Practical Machine Learning and Image Processing},
	pages={63--88},
	year={2019},
	publisher={Springer}
}

@inproceedings{liu2009otsu,
	title={Otsu method and K-means},
	author={Liu, Dongju and Yu, Jian},
	booktitle={2009 Ninth International Conference on Hybrid Intelligent Systems},
	volume={1},
	pages={344--349},
	year={2009},
	organization={IEEE}
}

@book{bradski2008learning,
	title={Learning OpenCV: Computer vision with the OpenCV library},
	author={Bradski, Gary and Kaehler, Adrian},
	year={2008},
	publisher={" O'Reilly Media, Inc."}
}

@article{suzuki1985topological,
	title={Topological structural analysis of digitized binary images by border following},
	author={Suzuki, Satoshi and others},
	journal={Computer vision, graphics, and image processing},
	volume={30},
	number={1},
	pages={32--46},
	year={1985},
	publisher={Elsevier}
}

@article{stoecker2005detection,
	title={Detection of asymmetric blotches (asymmetric structureless areas) in dermoscopy images of malignant melanoma using relative color},
	author={Stoecker, William V and Gupta, Kapil and Stanley, R Joe and Moss, Randy H and Shrestha, Bijaya},
	journal={Skin Research and Technology},
	volume={11},
	number={3},
	pages={179--184},
	year={2005},
	publisher={Wiley Online Library}
}

@inproceedings{montero2009state,
	title={State of the art of compactness and circularity measures},
	author={Montero, Raul S and Bribiesca, Ernesto},
	booktitle={International mathematical forum},
	volume={4},
	number={27},
	pages={1305--1335},
	year={2009}
}

@article{maglogiannis2005integrated,
	title={An integrated computer supported acquisition, handling, and characterization system for pigmented skin lesions in dermatological images},
	author={Maglogiannis, Ilias and Pavlopoulos, Sotiris and Koutsouris, Dimitrios},
	journal={IEEE Transactions on Information Technology in Biomedicine},
	volume={9},
	number={1},
	pages={86--98},
	year={2005},
	publisher={IEEE}
}

@article{faziloglu2003colour,
	title={Colour histogram analysis for melanoma discrimination in clinical images},
	author={Faziloglu, Yunus and Stanley, R Joe and Moss, Randy H and Van Stoecker, William and McLean, Rob P},
	journal={Skin Research and Technology},
	volume={9},
	number={2},
	pages={147--156},
	year={2003},
	publisher={Wiley Online Library}
}

@inproceedings{xie2016deep3d,
	title={Deep3d: Fully automatic 2d-to-3d video conversion with deep convolutional neural networks},
	author={Xie, Junyuan and Girshick, Ross and Farhadi, Ali},
	booktitle={European Conference on Computer Vision},
	pages={842--857},
	year={2016},
	organization={Springer}
}

@article{verma1999photometric,
	title={Photometric Stereo},
	author={Verma, Chaman Singh and Wu, Mon-Ju},
	year={1999}
}
@article{agarap2018deep,
  title={Deep learning using rectified linear units (relu)},
  author={Agarap, Abien Fred},
  journal={arXiv preprint arXiv:1803.08375},
  year={2018}
}

@misc{nielsen2005ten,
  title={Ten usability heuristics},
  author={Nielsen, Jakob},
  year={2005},
  publisher={http://www. nngroup. com/articles/ten-usability-heuristics/(acc-essed~…}
}

@article{tschandl2018ham10000,
	title={The HAM10000 dataset, a large collection of multi-source dermatoscopic images of common pigmented skin lesions},
	author={Tschandl, Philipp and Rosendahl, Cliff and Kittler, Harald},
	journal={Scientific data},
	volume={5},
	pages={180161},
	year={2018},
	publisher={Nature Publishing Group}
}

@article{faes2019automated,
	title={Automated deep learning design for medical image classification by health-care professionals with no coding experience: a feasibility study},
	author={Faes, Livia and Wagner, Siegfried K and Fu, Dun Jack and Liu, Xiaoxuan and Korot, Edward and Ledsam, Joseph R and Back, Trevor and Chopra, Reena and Pontikos, Nikolas and Kern, Christoph and others},
	journal={The Lancet Digital Health},
	volume={1},
	number={5},
	pages={e232--e242},
	year={2019},
	publisher={Elsevier}
}

@misc{kaggle,
	title={Skin Cancer MNIST: HAM10000},
	author={K, Scott, Mader},
	year={2018},
	publisher={https://www.kaggle.com/kmader/skin-cancer-mnist-ham10000}
}

@misc{garofalo,
	title={Fruizione di opere d'arte e beni culturali in realtà aumentata e realtà virtuale.},
	author={Garofalo, Francesco},
	year={2018},
	publisher={Tesi di Laurea Triennale}
}

@article{rajpara2009systematic,
	title={Systematic review of dermoscopy and digital dermoscopy/artificial intelligence for the diagnosis of melanoma},
	author={Rajpara, SM and Botello, AP and Townend, J and Ormerod, AD},
	journal={British Journal of Dermatology},
	volume={161},
	number={3},
	pages={591--604},
	year={2009},
	publisher={Wiley Online Library}
}

@article{von2019creating,
	title={Creating a web infrastructure for the support of clinical protocols and clinical management: An example in teledermatology},
	author={von Wangenheim, Aldo and Nunes, Daniel Holthausen},
	journal={Telemedicine and e-Health},
	volume={25},
	number={9},
	pages={781--790},
	year={2019},
	publisher={Mary Ann Liebert, Inc., publishers 140 Huguenot Street, 3rd Floor New~…}
}

@book{baum1901master,
	title={The master key: An electrical fairy tale founded upon the mysteries of electricity and the optimism of its devotees. It was written for boys, but others may read it},
	author={Baum, Lyman Frank},
	year={1901},
	publisher={Bowen-Merrill Company}
}

@book{malmgren2012artificial,
	title={Artificial Neural Networks in Medicine and Biology: Proceedings of the ANNIMAB-1 Conference, G{\"o}teborg, Sweden, 13--16 May 2000},
	author={Malmgren, Helge and Borga, Magnus and Niklasson, Lars},
	year={2012},
	publisher={Springer Science \& Business Media}
}

@article{burke1993applicazione,
	title={Applicazione delle reti neurali artificiali alla medicina di laboratorio},
	author={Burke, Harry B},
	journal={cancer. Cell},
	volume={75},
	pages={1027--1036},
	year={1993}
}

@article{boone1990neural,
	title={Neural networks in radiologic diagnosis. I. Introduction and illustration.},
	author={Boone, JOHN M and Gross, GEORGE W and Greco-Hunt, VALERIE},
	journal={Investigative radiology},
	volume={25},
	number={9},
	pages={1012--1016},
	year={1990}
}

@article{astion1992application,
	title={Application of neural networks to the interpretation of laboratory data in cancer diagnosis},
	author={Astion, Michael L and Wilding, Peter},
	journal={Clinical Chemistry},
	volume={38},
	number={1},
	pages={34--38},
	year={1992},
	publisher={Oxford University Press}
}

@article{maiani2016applicazioni,
	title={Applicazioni e limiti della classificazione di immagini con reti neurali convoluzionali in dispositivi mobili},
	author={Maiani, Fabio},
	year={2016}
}

@article{anthimopoulos2016lung,
	title={Lung pattern classification for interstitial lung diseases using a deep convolutional neural network},
	author={Anthimopoulos, Marios and Christodoulidis, Stergios and Ebner, Lukas and Christe, Andreas and Mougiakakou, Stavroula},
	journal={IEEE transactions on medical imaging},
	volume={35},
	number={5},
	pages={1207--1216},
	year={2016},
	publisher={IEEE}
}